@unpublished{Tito2021,
	author = {Santos, Tito Luís Maia},
	title = {Princípio do Modelo Interno},
	year = {2021},
	note = {Texto de apoio},
}
