@unpublished{Tito2021,
	author = {Santos, Tito Luís Maia},
	title = {Introdução ao projeto IMC},
	year = {2021},
	note = {Slides de aula},
}

@book{Franklin1997,
	author = {Franklin, Gene F. and Workman, Michael L. and Powell, Dave},
	title = {Digital Control of Dynamic Systems},
	year = {1997},
	isbn = {0201820544},
	publisher = {Addison-Wesley Longman Publishing Co., Inc.},
	address = {USA},
	edition = {3rd}
}